<record><leader>00000cas a22000007a 4500</leader><controlfield tag="001">14927967</controlfield><controlfield tag="008">861205d18451846wiucr ne      0    0eng d</controlfield><datafield ind1=" " ind2=" " tag="010"><subfield code="a">sn 86086824 </subfield></datafield><datafield ind1=" " ind2=" " tag="040"><subfield code="a">NPV</subfield><subfield code="b">eng</subfield><subfield code="c">NPV</subfield><subfield code="d">NVF</subfield><subfield code="d">OCLCQ</subfield></datafield><datafield ind1=" " ind2=" " tag="042"><subfield code="a">msc</subfield></datafield><datafield ind1="0" ind2="0" tag="245"><subfield code="a">Milwaukie semi-weekly gazette.</subfield></datafield><datafield ind1="3" ind2="0" tag="246"><subfield code="a">Semi-weekly gazette</subfield></datafield><datafield ind1=" " ind2=" " tag="260"><subfield code="a">Milwaukie, W.T. [i.e. Milwaukee, Wis.] :</subfield><subfield code="b">Wm. Duane Wilson,</subfield><subfield code="c">-1846.</subfield></datafield><datafield ind1=" " ind2=" " tag="300"><subfield code="a">v.</subfield></datafield><datafield ind1=" " ind2=" " tag="310"><subfield code="a">Semiweekly</subfield></datafield><datafield ind1="1" ind2=" " tag="362"><subfield code="a">Began with Oct. 22, 1845 issue.</subfield><subfield code="z">Cf. Oehlerts, d. E. Guide to Wis. newspapers.</subfield></datafield><datafield ind1="0" ind2=" " tag="362"><subfield code="a">-v. 1, no. 35 (Feb. 17, 1846).</subfield></datafield><datafield ind1=" " ind2=" " tag="580"><subfield code="a">Other ed.: Milwaukie daily gazette, 1845-1846.</subfield></datafield><datafield ind1=" " ind2=" " tag="588"><subfield code="a">Description based on: Vol. 1, no. 11 (Nov. 26, 1845).</subfield></datafield><datafield ind1=" " ind2=" " tag="752"><subfield code="a">United States</subfield><subfield code="b">Wisconsin</subfield><subfield code="c">Milwaukee</subfield><subfield code="d">Milwaukee.</subfield></datafield><datafield ind1=" " ind2=" " tag="752"><subfield code="a">United States</subfield><subfield code="b">Wisconsin</subfield><subfield code="c">Washington</subfield><subfield code="d">Milwaukee.</subfield></datafield><datafield ind1="1" ind2=" " tag="775"><subfield code="t">Milwaukee daily gazette</subfield><subfield code="w">(DLC)sn 86086823</subfield></datafield><datafield ind1="0" ind2="7" tag="785"><subfield code="t">Milwaukee weekly sentinel (Milwaukee, Wis. : 1846)</subfield><subfield code="w">(DLC)sn 86086606</subfield></datafield><datafield ind1="0" ind2="7" tag="785"><subfield code="t">Milwaukee sentinel and gazette (Milwaukee, Wis. : 1846)</subfield><subfield code="w">(DLC)sn 86086607</subfield></datafield></record>